@InBook{14-ch,
  author =    {F.Z. Qureshi and D. Terzopoulos},
  editor =    {R. Chellapa and S.Theodoridis},
  title =        {Academic Press Library in Signal Processing: Image, Video Processing and Analysis, Hardware, Audio, Acoustics and Speech Processing},
  chapter =      {Virtual Vision for Camera Networks Research},
  publisher =    {Elsevier},
  year =         {2014},
  volume =    {4},
  number =    {21},
  month =     {January},
  pages =     {609â€”625}
}


@InBook{13-object-video-streams-ch,
  author =    {F.Z. Qureshi},
  editor =    {P. Atrey and M.S. Kankanhalli and A. Cavallaro},
  title =        {Intelligent Multimedia Surveillance: Current Trends and Approach},
  chapter =      {Object Video Streams: A Framework for Preserving Privacy in Video Surveillance},
  publisher =    {Springer},
  year =         {2013},
  number =    {4},
  address =   {New York},
  month =     {August},
  pages =     {67--82}
}

@InBook{10-dvsn-ptz_control-ch,
  author =    {F.Z. Qureshi and D. Terzopoulos},
  editor =    {B. Bhanu and C.V. Ravishankar and A.K. Roy-Chowdhury and H. Aghajan and D. Terzopoulos},
  title =        {Distributed Video Sensor Networks},
  chapter =      {Proactive PTZ Control: A Cognitive Sensor Network That Plans Ahead},
  publisher =    {Springer},
  year =         {2011},
  address =   {New York},
  pages =     {273--288}
}

@InBook{10-dvsn-virtual_vision-ch,
  author =    {D. Terzopoulos and F.Z. Qureshi},
  editor =    {B. Bhanu and C.V. Ravishankar and A.K. Roy-Chowdhury and H. Aghajan and D. Terzopoulos},
  title =        {Distributed Video Sensor Networks},
  chapter =      {Proactive PTZ Control: A Cognitive Sensor Network That Plans Ahead},
  publisher =    {Springer},
  year =         {2011},
  address =   {New York},
  pages =     {163--178}
}

