@mastersthesis{Hafiz,
  author = {Hafiz Arslan Amjad},
  title = {An Attention-Enhanced Studentâ€“Teacher Framework for Structural and Logical Anomaly Detection in Industrial Settings},
  school = {Computer Science, University of Ontario Institute of Technology, ON, Canada},
  year = {2025},
  url_paper = {2025-hafiz-arslan-amjad-msc.pdf},
  keywords = {anomaly-detection}
}

@phdthesis{Rezasoltani,
  author = {S. Rezasoltani},
  title = {Hyperspectral Image Compression using Implicit Neural Representations},
  school = {Computer Science, University of Ontario Institute of Technology, ON, Canada},
  year = {2025},
  url_paper = {2025-shima-rezasoltani-phd.pdf},
  keywords = {hsi-compression}
}

@phdthesis{Mantripragada,
  author = {K. Mantripragada},
  title = {Latent Dirichlet Variational Autoencoder: a novel approach for Hyperspectral Image Analysis and Pixel Unmixing Exploring Deep Learning Architectures},
  school = {Computer Science, University of Ontario Institute of Technology, ON, Canada},
  year = {2025},
  url_paper = {2025-kiran-mantripragada-phd.pdf},
  keywords = {hsi-unmixing}
}

@phdthesis{Lycksam,
  author = {A. Lycksam},
  title = {From Concepts to Conditions: Bridging the Gap in AI-Based Maintenance Systems},
  school = {Computer Engineering, Mid Sweden University, Sundsvall, Sweden},
  year = {2025},
  url_paper = {2025-adam-lycksam-phd.pdf},
  keywords = {anomaly-scoring}
}

@phdthesis{Alqaysi,
  author = {H. Alqaysi},
  title = {Cost Optimization of Volumetric Surveillance for Sky Monitoring Towards Flying Object Detection and Positioning},
  school = {Electronics, Mid Sweden University, Sundsvall, Sweden},
  year = {2022},
  url_paper = {2022-hiba-alqaysi-phd.pdf},
  keywords = {bird-detection}
}

@phdthesis{Helala,
  author = {M. Helala},
  title = {Towards Efficient and Scalable Computer Vision Systems},
  school = {Computer Science, University of Ontario Institute of Technology, ON, Canada},
  year = {2018},
  url_paper = {2018-08-helala-phd.pdf},
  keywords = {stream-algebra}
}

@mastersthesis{Chan,
  author = {Matthew Chan},
  title = {Characterizing Midair Handwritting in Virtual Reality},
  school = {Computer Science, University of Ontario Institute of Technology, ON, Canada},
  year = {2024},
  url_paper = {2024-matthew-chan-msc.pdf},
  keywords = {3d-handwriting}
}

@mastersthesis{Nadeem,
  author = {Muhammad Salik Nadeem},
  title = {Hybrid architecture for human action recognition using
skeleton data},
  school = {Computer Science, University of Ontario Institute of Technology, ON, Canada},
  year = {2024},
  url_paper = {2024-muhammad-salik-nadeem-msc.pdf},
  keywords = {skeleton-based-action-recognition}
}

@mastersthesis{Ejaz,
  author = {Neha Ejaz},
  title = {A Few-Shot Learning Method for Single-Object Visual Anomaly Detection
},
  school = {Computer Science, University of Ontario Institute of Technology, ON, Canada},
  year = {2024},
  url_paper = {2024-neha-ejaz-msc.pdf},
  keywords = {visual-anomaly-detection}
}


@mastersthesis{Tabaraki,
  author = {Negin Tabaraki},
  title = {A Study of Meta-Learning Methods on the Problem of Video Matting},
  school = {Computer Science, University of Ontario Institute of Technology, ON, Canada},
  year = {2024},
  url_paper = {2024-negin-tabaraki-msc.pdf},
  keywords = {video-matting}
}

@mastersthesis{Chan,
  author = {Matthew Chan},
  title = {Characterizing midair handwriting in virtual reality},
  school = {Computer Science, University of Ontario Institute of Technology, ON, Canada},
  year = {2024},
  url_paper = {2024-matthew-chan-msc.pdf},
  keywords = {midair}
}

@mastersthesis{Karia,
  author = {Chirag Karia},
  title = {Predicting multi-person dynamics},
  school = {Computer Science, University of Ontario Institute of Technology, ON, Canada},
  year = {2023},
  url_paper = {2023-chirag-karia-msc.pdf},
  keywords = {person-dynamics-prediction}
}

@mastersthesis{Dehghani,
  author = {Roya Dehghani},
  title = {An investigation into the Use of ConvNeXt within IICS/IIDS Framework for Person Re-ID},
  school = {Computer Science, University of Ontario Institute of Technology, ON, Canada},
  year = {2023},
  url_paper = {2023-roya-dehghani-msc.pdf},
  keywords = {person-reid}
}

@mastersthesis{Jafarian,
  author = {Hamoon Jafarian},
  title = {Error Estimation for Single-Image Human Body Mesh Reconstruction},
  school = {Computer Science, University of Ontario Institute of Technology, ON, Canada},
  year = {2023},
  url_paper = {2023-hamoon-jafarian-msc.pdf},
  keywords = {mesh-error}
}

@mastersthesis{Talpur,
  author = {Mir Afgan Talpur},
  title = {A Modular Approach to Image Matting},
  school = {Computer Science, University of Ontario Institute of Technology, ON, Canada},
  year = {2022},
  url_paper = {2022-mir-afgan-talpur-msc.pdf},
  keywords = {matting}
}

@mastersthesis{Lombardo,
  author = {M. Lombardo},
  title = {Parsing Genetic Models},
  school = {Computer Science, University of Ontario Institute of Technology, ON, Canada},
  year = {2022},
  url_paper = {2022-michael-lombardo-msc.pdf}
}

@mastersthesis{Baeenh,
  author = {M. Baeenh},
  title = {Multi-character Prediction Using Attention},
  school = {Computer Science, University of Ontario Institute of Technology, ON, Canada},
  year = {2020},
  url_paper = {2020-mohmmed-baeenh-msc.pdf}
}

@mastersthesis{Joseph,
  author = {T. Joseph},
  title = {Joint Spatial and Layer Attention for Convolutional Networks},
  school = {Computer Science, University of Ontario Institute of Technology, ON, Canada},
  year = {2019},
  url_paper = {2019-tony-joseph-msc.pdf}
}

@mastersthesis{Taylor,
  author = {W. Taylor},
  title = {Achieving Real-Time Video Summarization on Commodity Hardware},
  school = {Computer Science, University of Ontario Institute of Technology, ON, Canada},
  year = {2018},
  url_paper = {wesley-main.pdf}
}

@mastersthesis{Nemirovsky,
  author = {D. Nemirovsky},
  title = {Analysing and Inferring Atomic Structure from Nanoscale Imagery},
  school = {Computer Science, University of Ontario Institute of Technology, ON, Canada},
  year = {2017},
  url_paper = {2017-david-nemirovsky-msc.pdf}
}

@mastersthesis{Shanks,
  author = {R. Shanks},
  title = {Towards Parallax-Based Unencumbered Displays},
  school = {Computer Science, University of Ontario Institute of Technology, ON, Canada},
  year = {2015},
  url_paper = {2015-ryan-msc.pdf}
}

@mastersthesis{Reina,
  author = {E.R. Reina},
  title = {An index structure for fast range search in hamming space},
  school = {Computer Science, University of Ontario Institute of Technology, ON, Canada},
  year = {2014},
  url_paper = {2014-ernesto-msc.pdf}
}

@mastersthesis{Stadler,
  author = {J. Stadler},
  title = {A framework for video driven crowd synthesis},
  school = {Computer Science, University of Ontario Institute of Technology, ON, Canada},
  year = {2014},
  url_paper = {2014-stadler-msc.pdf}
}

@mastersthesis{Starzyk,
  author = {W. Starzyk},
  title = {A negotiation protocol with conditional offers for camera handoffs},
  school = {Computer Science, University of Ontario Institute of Technology, ON, Canada},
  year = {2014},
  url_paper = {2014-starzyk-msc.pdf}
}

@mastersthesis{Parvin,
  author = {N. Parvin},
  title = {Robust Curved Road Boundary Detection Using Hierarchical Clustering},
  school = {Computer Science, University of Ontario Institute of Technology, ON, Canada},
  year = {2013},
  url_paper = {2013-parvin-msc.pdf}
}

@mastersthesis{Wang,
  author = {Z. Wang},
  title = {Topic Models for Image Localization},
  school = {Computer Science, University of Ontario Institute of Technology, ON, Canada},
  year = {2013},
  url_paper = {2013-wang-msc.pdf}
}

@mastersthesis{Murray,
  author = {R. Murray},
  title = {Computational and Laboratory Investigations of a Model of Blood Droplet Flight for Forensic Applications},
  school = {Modeling and Computational Science, University of Ontario Institute of Technology, ON, Canada},
  year = {2013},
  url_paper = {2012-murray-mcs.pdf}
}

@mastersthesis{Little,
  author = {C. Little},
  title = {Ray Tracing Large Distributed Datasets using Ray Caches},
  school = {Computer Science, University of Ontario Institute of Technology, ON, Canada},
  year = {2011},
  url_paper = {2011-little-msc.pdf}
}

@mastersthesis{Lobo,
  author = {G. Lobo},
  title = {Investigation into Smoothed Particle Hydrodynamics for
    Non-Newtonian Droplet Modelling},
  school = {Modeling and Computational Science, University of Ontario Institute of Technology, ON, Canada},
  year = {2011},
  url_paper = {2011-lobo-mcs.pdf}
}
