@InProceedings{17-crv-c-opticalflow,
  author =       {M.A. Helala  and F.Z. Qureshi},
  title =        {Fast Estimation of Large Displacement Optical Flow
Using Dominant Motion Patterns & Sub-Volume PatchMatch Filtering},
  booktitle = {Proc. 14th Conference on Computer and Robot Vision (CRV 17)},
  year =      {2017},
  month =     {May},
  address =   {Edmonton},
pages = {8pp},
note = {to appear}
}

@InProceedings{17-crv-c-trie,
  author =       {E.M. Reina and Ken Q. Pu and F.Z. Qureshi},
  title =        {An Index Structure for Fast Range Search in Hamming Space},
  booktitle = {Proc. 14th Conference on Computer and Robot Vision (CRV 17)},
  year =      {2017},
  month =     {May},
  address =   {Edmonton},
pages = {8pp},
note = {to appear}
}

@InProceedings{16-icdsc-c,
  author =       {M.A. Helala and Ken Q. Pu and F.Z. Qureshi},
  title =        {A Formal Algebra Implementation for Distributed Image and Video Stream Processing},
  booktitle = {Proc. 10th International Conference on Distributed Smart Cameras (ICDSC 16)},
  year =      {2016},
  month =     {Sep},
  address =   {Paris},
pages = {8pp}
}

@InProceedings{16-wacv-2-c,
  author =       {M.A. Helala and F.Z. Qureshi},
  title =        {Constructing Image Mosaics Using Focus Based Depth Analysis},
  booktitle = {Proc. IEEE Winter Applications of Computer Vision Conference (WACV 16)},
  year =      {2016},
  month =     {Mar},
  address =   {Lake Placid},
pages = {7pp}
}

@InProceedings{16-wacv-c,
  author =       {W. Taylor and F.Z. Qureshi},
  title =        {Automatic Video Editing for Sensor-Rich Videos},
  booktitle = {Proc. IEEE Winter Applications of Computer Vision Conference (WACV 16)},
  year =      {2016},
  month =     {Mar},
  address =   {Lake Placid},
pages = {9pp}
}

@InProceedings{14-uccv-w,
  author =       {M.A. Helala and Ken Q. Pu and F.Z. Qureshi},
  title =        {Towards Efficient Feedback Control in Streaming Computer Vision Pipelines},
  booktitle = {Proc. Workshop on User-Centered Computer Vision (co-located with ACCV'14)},
  year =      {2014},
  month =     {Nov},
  address =   {Singapore},
pages = {16pp}
}


@InProceedings{14-accv-c,
  author =       {M.A. Helala and F.Z. Qureshi},
  title =        {Accelerating Cost Volume Filtering Using Salient Subvolumes and Robust Occlusion Handling},
  booktitle = {Proc. 12th Asian Conference on Computer Vision (ACCV'14)},
  year =      {2014},
  month =     {Nov},
  address =   {Singapore},
pages = {16pp}
}

@InProceedings{14-icdsc-c,
  author =       {W. Starzyk and F.Z. Qureshi},
  title =        {A Negotiation Protocol with Conditional Offers for Camera Handoffs},
  booktitle = {Proc. 8th ACM/IEEE International Conference on Distributed Smart Cameras},
  year =      {2014},
  pages =     {7pp},
  month =     {November},
  address =   {Venice},
}

@inproceedings{14-vsm-w,
author = {Helala, M A and Pu, Ken Q and Qureshi, Faisal Z},
title = {{A Stream Algebra for Computer Vision Pipelines}},
booktitle = {Proc. Second Workshop on Web-scale Vision and Social Media VSM , co-located with CVPR },
year = {2014},
pages = {8pp},
address = {Columbus},
month = jun,
rating = {0},
date-added = {2014-09-30T00:53:21GMT},
date-modified = {2014-10-03T19:26:42GMT},
uri = {\url{papers3://publication/uuid/727A73A3-27B4-47A6-A6A2-832D5CC7191D}}
}

@inproceedings{13-crv-c,
author = {Wang, Zheng and Qureshi, Faisal Zubair},
title = {{Topic Models for Image Localization}},
booktitle = {Proc. Tenth Conference on Computer Robot Vision (CRV 13)},
year = {2013},
pages = {6pp},
address = {Regina},
month = may,
rating = {0},
date-added = {2014-04-09T15:58:10GMT},
date-modified = {2014-09-30T00:51:54GMT},
uri = {\url{papers3://publication/uuid/6439A990-CDF8-4EE7-86B8-28778D903B85}}
}

@inproceedings{13-crv-2-c,
author = {Wang, Zheng and Qureshi, Faisal Z},
title = {{I Remember Seeing This Video: Image Driven Search in Video Collections }},
booktitle = {Proc. Tenth Conference on Computer and Robot Vision (CRV13) },
year = {2013},
pages = {6pp},
address = {Regina},
month = may,
rating = {0},
date-added = {2014-09-30T00:56:21GMT},
date-modified = {2014-10-03T19:26:42GMT},
uri = {\url{papers3://publication/uuid/08B1750A-5684-470A-A3CE-A69B0FB73B81}}
}

@inproceedings{13-icpram-c,
author = {Zarrabeitia, Luis and Aruliah, Dhavide and Qureshi, Faisal Z},
title = {{Droplet Tracking from Unsynchronized Cameras}},
booktitle = {Proc. Second International Conference on Pattern Recognition Applications and Methods ICPRAM },
year = {2013},
pages = {8pp},
address = {Barcelona},
month = feb,
rating = {0},
date-added = {2014-09-30T00:58:47GMT},
date-modified = {2014-10-03T19:26:42GMT},
uri = {\url{papers3://publication/uuid/7AB90BF2-B645-4A99-874F-A1B29BAC411F}}
}

@inproceedings{12-icdsc-c,
author = {Helala, M A and Zarrabeitia, L A and Qureshi, F Z},
title = {{Mosaic of Near Ground UAV Videos Under Parallax Effects}},
booktitle = {Proc. Sixth ACM/IEEE International Conference on Distributed Smart Cameras (ICDSC12)},
year = {2012},
pages = {6pp},
address = {Hong Kong},
month = oct,
rating = {0},
date-added = {2014-04-09T15:55:25GMT},
date-modified = {2014-09-30T00:51:54GMT},
local-url = {file://localhost/Users/faisal/Dropbox/Library.papers3/Articles/2012/Helala/2012%20Helala.pdf},
file = {{2012 Helala.pdf:/Users/faisal/Dropbox/Library.papers3/Articles/2012/Helala/2012 Helala.pdf:application/pdf}},
uri = {\url{papers3://publication/uuid/BE9A3FA6-617E-4CEE-AD70-D73169C82A51}}
}

@inproceedings{12-avss-c,
author = {Helala, Mohamed A and Pu, Ken Q and Qureshi, Faisal Z},
title = {{Road Boundary Detection in Challenging Scenarios}},
booktitle = {2012 9th IEEE International Conference on Advanced Video and Signal Based Surveillance (AVSS)},
year = {2012},
pages = {428--433},
publisher = {IEEE},
address = {Beijing},
month = sep,
doi = {10.1109/AVSS.2012.61},
isbn = {978-1-4673-2499-1},
rating = {0},
date-added = {2014-09-30T01:00:51GMT},
date-modified = {2014-09-30T01:12:36GMT},
url = {http://ieeexplore.ieee.org/lpdocs/epic03/wrapper.htm?arnumber=6328052},
uri = {\url{papers3://publication/doi/10.1109/AVSS.2012.61}}
}

@inproceedings{12-crv-c,
author = {Starzyk, Wiktor and Domurad, Adam and Qureshi, Faisal Z},
title = {{A Virtual Vision Simulator for Camera Networks Research}},
booktitle = {2012 Canadian Conference on Computer and Robot Vision (CRV)},
year = {2012},
pages = {306--313},
publisher = {IEEE},
address = {Toronto},
month = may,
doi = {10.1109/CRV.2012.47},
isbn = {978-1-4673-1271-4},
rating = {0},
date-added = {2014-09-30T01:09:27GMT},
date-modified = {2014-09-30T01:12:39GMT},
url = {http://ieeexplore.ieee.org/lpdocs/epic03/wrapper.htm?arnumber=6233156},
uri = {\url{papers3://publication/doi/10.1109/CRV.2012.47}}
}

@inproceedings{12-icpram-c,
author = {Zarrabeitia, L A and Aruliah, D A and Qureshi, F Z},
title = {{Extraction of Blood Droplet Flight Trajectories from Videos for Forensic Analysis}},
booktitle = {1st International Conference on Pattern Recognition Applications and Methods (ICPRAM 12)},
year = {2012},
pages = {142--153},
address = {Vilamoura},
month = feb,
rating = {0},
date-added = {2014-04-09T15:59:24GMT},
date-modified = {2014-09-30T01:13:35GMT},
local-url = {file://localhost/Users/faisal/Dropbox/Library.papers3/Articles/2012/Zarrabeitia/2012%20Zarrabeitia.pdf},
file = {{2012 Zarrabeitia.pdf:/Users/faisal/Dropbox/Library.papers3/Articles/2012/Zarrabeitia/2012 Zarrabeitia.pdf:application/pdf}},
uri = {\url{papers3://publication/uuid/B0CCE457-47BA-4FB9-8C58-04074D31963A}}
}

@inproceedings{11-icdsc-c,
author = {Qureshi, F Z and Starzyk, Wiktor},
title = {{Learning proactive control strategies for PTZ cameras}},
booktitle = {Proc. Fifth ACM/IEEE International Conference on Distributed Smart Cameras (ICDSC)},
year = {2011},
pages = {1--6},
publisher = {IEEE},
address = {Ghent},
month = aug,
rating = {0},
date-added = {2014-04-09T16:07:33GMT},
date-modified = {2014-09-30T00:51:54GMT},
url = {http://ieeexplore.ieee.org/xpls/abs\_all.jsp?arnumber=6042928},
local-url = {file://localhost/Users/faisal/Dropbox/Library.papers3/Articles/2011/Qureshi/2011%20Qureshi.pdf},
file = {{2011 Qureshi.pdf:/Users/faisal/Dropbox/Library.papers3/Articles/2011/Qureshi/2011 Qureshi.pdf:application/pdf}},
uri = {\url{papers3://publication/uuid/38630B54-DE04-41C1-9800-F539D959464E}}
}

@inproceedings{11-avss-c,
author = {Starzyk, Wiktor and Qureshi, Faisal Z},
title = {{Multi-tasking Smart Cameras for Intelligent Video Surveillance Systems}},
booktitle = {Proc. 8th IEEE International Conference on Advanced Video and Signal-Based Surveillance (AVSS 11)},
year = {2011},
pages = {6pp},
address = {Klagenfurt},
month = aug,
rating = {0},
date-added = {2014-04-09T15:57:22GMT},
date-modified = {2014-09-30T00:51:54GMT},
local-url = {file://localhost/Users/faisal/Dropbox/Library.papers3/Articles/2011/Starzyk/2011%20Starzyk.pdf},
file = {{2011 Starzyk.pdf:/Users/faisal/Dropbox/Library.papers3/Articles/2011/Starzyk/2011 Starzyk.pdf:application/pdf}},
uri = {\url{papers3://publication/uuid/8792CD26-E9F4-44AA-A65D-980DEDC1CFFE}}
}

@inproceedings{BQQ11,
author = {Barhm, Mukhtaj S and Qwasmi, Nidal and Qureshi, Faisal Z and El-Khatib, Khalil},
title = {{Negotiating Privacy Preferences in Video Surveillance Systems}},
booktitle = {Proc. 24th International Conference on Industrial Engineering and Other Applications of Applied Intelligent Systems (IEA-AIE 2011)},
year = {2011},
pages = {511--521},
publisher = {Springer-Verlag Berlin/Heidelberg},
address = {Syracuse, NY},
rating = {0},
date-added = {2014-04-09T15:57:49GMT},
date-modified = {2014-09-30T00:51:54GMT},
local-url = {file://localhost/Users/faisal/Dropbox/Library.papers3/Articles/2011/Barhm/2011%20Barhm.pdf},
file = {{2011 Barhm.pdf:/Users/faisal/Dropbox/Library.papers3/Articles/2011/Barhm/2011 Barhm.pdf:application/pdf}},
uri = {\url{papers3://publication/uuid/7A370CB1-C29F-4630-AED9-C37C0659C1B4}}
}

@inproceedings{10-icdsc-c,
author = {Qureshi, Faisal Z},
title = {{Collaborative Sensing via Local Negotiations in Ad Hoc Networks of Smart Cameras}},
booktitle = {Proc. 4th ACM/IEEE International Conference on Distributed Smart Cameras (ICDSC10)},
year = {2010},
pages = {8pp},
address = {Atlanta},
month = sep,
rating = {0},
date-added = {2014-04-09T16:01:38GMT},
date-modified = {2014-09-30T00:51:54GMT},
uri = {\url{papers3://publication/uuid/9654BA65-046B-43F3-890C-196C3371CF94}}
}

@inproceedings{10-dcoss-p,
author = {Qureshi, Faisal Z},
title = {{On the Role of Negotiations in Ad Hoc Networks of Smart Cameras}},
booktitle = {IEEE International Conference on Distributed Computing in Sensor Systems (DCOSS 10)},
year = {2010},
pages = {1--2},
address = {Santa Barbara},
month = jun,
rating = {0},
date-added = {2014-04-09T15:58:24GMT},
date-modified = {2014-09-30T00:51:54GMT},
local-url = {file://localhost/Users/faisal/Dropbox/Library.papers3/Articles/2010/Qureshi/2010%20Qureshi.pdf},
file = {{2010 Qureshi.pdf:/Users/faisal/Dropbox/Library.papers3/Articles/2010/Qureshi/2010 Qureshi.pdf:application/pdf}},
uri = {\url{papers3://publication/uuid/26AD0E6B-3B2B-4132-A564-AA36EB7C3741}}
}

@inproceedings{09-avss-c,
author = {Qureshi, Faisal Z},
title = {{Object-Video Streams for Preserving Privacy in Video Surveillance}},
booktitle = {Proc. 6th International Conference on Advanced Video and Signal Based Surveillance (AVSS 09)},
year = {2009},
pages = {8pp},
address = {Genovo, Italy},
month = sep,
rating = {0},
date-added = {2014-04-09T15:58:59GMT},
date-modified = {2014-09-30T00:51:54GMT},
local-url = {file://localhost/Users/faisal/Dropbox/Library.papers3/Articles/2009/Qureshi/2009%20Qureshi-1.pdf},
file = {{2009 Qureshi-1.pdf:/Users/faisal/Dropbox/Library.papers3/Articles/2009/Qureshi/2009 Qureshi-1.pdf:application/pdf}},
uri = {\url{papers3://publication/uuid/CFC94B85-9A05-40F2-9CEE-6D20437D5840}}
}

@inproceedings{09-icdsc-c,
author = {Qureshi, Faisal Z and Terzopoulos, Demetri},
title = {{Planning Ahead for PTZ Camera Assignment and Control}},
booktitle = {Proc. Third ACM/IEEE International Conference on Distributed Smart Cameras (ICDSC 09)},
year = {2009},
pages = {1--8},
address = {Como, Italy},
month = aug,
rating = {0},
date-added = {2014-04-09T15:55:26GMT},
date-modified = {2014-09-30T00:51:54GMT},
local-url = {file://localhost/Users/faisal/Dropbox/Library.papers3/Articles/2009/Qureshi/2009%20Qureshi.pdf},
file = {{2009 Qureshi.pdf:/Users/faisal/Dropbox/Library.papers3/Articles/2009/Qureshi/2009 Qureshi.pdf:application/pdf}},
uri = {\url{papers3://publication/uuid/9FF69B53-62B0-4459-923A-E3E974A7BBF2}}
}

@inproceedings{08-avss-c,
author = {Qureshi, Faisal Z and Terzopoulos, Demetri},
title = {{Multi-camera Control through Constraint Satisfaction for Persistent Surveillance}},
booktitle = {2008 IEEE Fifth International Conference on Advanced Video and Signal Based Surveillance (AVSS)},
year = {2008},
pages = {211--218},
publisher = {IEEE},
address = {Santa Fe},
month = sep,
doi = {10.1109/AVSS.2008.37},
isbn = {978-0-7695-3341-4},
rating = {0},
date-added = {2014-09-30T01:15:02GMT},
date-modified = {2014-09-30T01:16:22GMT},
url = {http://ieeexplore.ieee.org/lpdocs/epic03/wrapper.htm?arnumber=4730414},
uri = {\url{papers3://publication/doi/10.1109/AVSS.2008.37}}
}

@inproceedings{08-cns-c,
author = {Qureshi, F Z and Terzopoulos, D},
title = {{A Simulation Framework for Camera Sensor Networks Research}},
booktitle = {Proc. 11th Communications and Networking Simulation Symposium (CNS 2008)},
year = {2008},
pages = {41--48},
address = {Ottawa},
month = apr,
annote = {Electronic proceedings},
rating = {0},
date-added = {2014-04-09T15:55:36GMT},
date-modified = {2014-09-30T00:51:54GMT},
local-url = {file://localhost/Users/faisal/Dropbox/Library.papers3/Articles/2008/Qureshi/2008%20Qureshi.pdf},
file = {{2008 Qureshi.pdf:/Users/faisal/Dropbox/Library.papers3/Articles/2008/Qureshi/2008 Qureshi.pdf:application/pdf}},
uri = {\url{papers3://publication/uuid/084B9D0C-71B0-4EA4-B654-1C0DAC40E91D}}
}

@inproceedings{Qureshi:2007fl,
author = {Qureshi, Faisal Z and Terzopoulos, Demetri},
title = {{Virtual vision}},
booktitle = {the 2007 ACM symposium},
year = {2007},
pages = {247--248},
publisher = {ACM Press},
address = {Newport Beach},
month = nov,
doi = {10.1145/1315184.1315243},
isbn = {9781595938633},
rating = {0},
date-added = {2014-09-30T01:18:51GMT},
date-modified = {2014-10-03T19:26:42GMT},
url = {http://portal.acm.org/citation.cfm?doid=1315184.1315243},
uri = {\url{papers3://publication/doi/10.1145/1315184.1315243}}
}

@inproceedings{07-icdsc-c,
author = {Qureshi, Faisal and Terzopoulos, Demetri},
title = {{Smart Camera Networks in Virtual Reality}},
booktitle = {2007 First ACM/IEEE International Conference on Distributed Smart Cameras},
year = {2007},
pages = {87--94},
publisher = {IEEE},
address = {Vienna},
month = sep,
doi = {10.1109/ICDSC.2007.4357510},
isbn = {978-1-4244-1353-9},
rating = {0},
date-added = {2014-09-30T01:17:50GMT},
date-modified = {2014-10-03T19:26:42GMT},
url = {http://ieeexplore.ieee.org/lpdocs/epic03/wrapper.htm?arnumber=4357510},
uri = {\url{papers3://publication/doi/10.1109/ICDSC.2007.4357510}}
}

@inproceedings{07-cvpr-c,
author = {Qureshi, F Z and Terzopoulos, D},
title = {{Surveillance in Virtual Reality: System Design and Multicamera Control}},
booktitle = {Proc. IEEE Conf. on Computer Vision and Pattern Recognition (CVPR 07)},
year = {2007},
pages = {8pp},
address = {Minneapolis, MN},
month = jun,
rating = {0},
date-added = {2014-04-09T15:55:43GMT},
date-modified = {2014-09-30T00:51:54GMT},
local-url = {file://localhost/Users/faisal/Dropbox/Library.papers3/Articles/2007/Qureshi/2007%20Qureshi.pdf},
file = {{2007 Qureshi.pdf:/Users/faisal/Dropbox/Library.papers3/Articles/2007/Qureshi/2007 Qureshi.pdf:application/pdf}},
uri = {\url{papers3://publication/uuid/4E72CF39-7AC6-4F01-A2C0-39F764DC2D96}}
}

@inproceedings{07-dcoss-c,
author = {Qureshi, F Z and Terzopoulos, D},
title = {{Distributed Coalition Formation in Visual Sensor Networks: A Virtual Vision Approach}},
booktitle = {Proc. IEEE International Conference on Distributed Computing in Sensor Systems (DCOSS 2007)},
year = {2007},
editor = {Aspnes, J and Scheideler, C and Arora, A and Madden, S},
pages = {1--20},
address = {Santa Fe, NM},
month = jun,
read = {Yes},
rating = {0},
date-added = {2014-04-09T16:07:09GMT},
date-modified = {2014-10-03T19:08:51GMT},
local-url = {file://localhost/Users/faisal/Dropbox/Library.papers3/Articles/2007/Qureshi/2007%20Qureshi-2.pdf},
file = {{2007 Qureshi-2.pdf:/Users/faisal/Dropbox/Library.papers3/Articles/2007/Qureshi/2007 Qureshi-2.pdf:application/pdf}},
uri = {\url{papers3://publication/uuid/BD40C0FA-1D8A-4F59-8305-D172EF90299C}}
}

@InProceedings{06-dsc-w,
  author =       {F.Z. Qureshi and D. Terzopoulos},
  title =        {Virtual Vision and Smart Cameras Networks},
  crossref =  {},
  key =       {},
  booktitle = {Working Notes of the International Workshop on Distributed Smart Cameras (DSC 2006) (Held in conjunction with the 4th ACM Conference on Embedded Networked Sensor Systems (SenSys 2006)},
  year =      {2006},
  pages =     {62--66},
  month =     {October},
  address =   {Boulder, CO, USA}
}

@InProceedings{05-vssn-w,
  author =       {F.Z. Qureshi and D. Terzopoulos},
  title =        {Surveillance Camera Scheduling: A Virtual Vision Approach},
  booktitle = {Proc. Third ACM Workshop on Video Surveillance and Sensor Networks (VSSN 05)},
  year =      {2005},
  pages =     {131--139},
  month =     {November},
  address =   {Singapore}
}

@InProceedings{05-pets-w,
  author = {F.Z. Qureshi and D. Terzopoulos},
  title =        {Towards Intelligent Camera Networks: A Virtual Vision Approach},
  year =         {2005},
  booktitle = {Proc. Second Joint IEEE International Workshop on Visual Surveillance and Performance Evaluation of Tracking and Surveillance (VS-PETS 05)},
  address =   {Beijing},
  month =     {October},
pages = {177-184}
}

@InProceedings{05-mva-c,
  author =       {F.Z. Qureshi and D. Terzopoulos and P. Jasiobedzki},
  title =        {Cognitive Vision for Autonomous Satellite Rendezvous and Docking},
  booktitle = {Proc. Ninth IAPR Conf.~on Machine Vision Applications (MVA 2005)},
  year =      {2005},
  pages =     {314--319},
  month =     {Month},
  address =   {Tsukuba Science City}
}

@InProceedings{05-isairas-c,
  author =       {F.Z. Qureshi and D. Macrini and D. Chung and J. Maclean and S. Dickinson and P. Jasiobedzki},
  title =        {A Computer Vision System for Space-bourne Safety Monitoring},
  booktitle = {Proc. Eighth International Symposium on Artificial Intelligence, Robotics and Automation in Space (i-SAIRAS 2005)},
  year =      {2005},
  month =     {September},
  address =   {Munich},
}

@inproceedings{04-acv-w,
author = {Qureshi, F Z and Terzopoulos, D and Jasiobedzki, P},
title = {{A Cognitive Vision System for Space Robotics}},
booktitle = {Applications of Computer Vision Workshop. European Conference of Computer Vision},
year = {2004},
editor = {Clabian and Smutny and Stanke},
pages = {120--128},
publisher = {Czech Technical University},
address = {Prague, Czech Republic},
month = may,
rating = {0},
date-added = {2014-04-09T15:58:53GMT},
date-modified = {2014-09-30T00:51:54GMT},
local-url = {file://localhost/Users/faisal/Dropbox/Library.papers3/Articles/2004/Qureshi/2004%20Qureshi.pdf},
file = {{2004 Qureshi.pdf:/Users/faisal/Dropbox/Library.papers3/Articles/2004/Qureshi/2004 Qureshi.pdf:application/pdf}},
uri = {\url{papers3://publication/uuid/95DFDA04-4E5C-45A0-86A5-2BE61A376B1C}}
}

