@Article{15-jei-j,
  author =       {M. Helala and F.Z. Qureshi and K.Q. Pu},
  title =        {Automatic Parsing of Lane and Road Boundaries in Challenging Traffic Scenes},
  journal =      {SPIE Journal on Electronic Imaging},
  year =         {2015},
  note =         {In press}
}


@Article{14-pami-j,
  author =       {L.A. Zarrabeitia and F.Z. Qureshi and D.A. Aruliah},
  title =        {Stereo Reconstruction of Droplet Flight Trajectories},
  journal =      {IEEE Pattern Analysis and Machine Intelligence},
  year =         {2015},
  volume = {37},
  number = {4},
  pages = {847--861},
doi={10.1109/TPAMI.2014.2353638}, 
ISSN={0162-8828},
url = {http://ieeexplore.ieee.org/xpl/articleDetails.jsp?arnumber=6888516}
}


@Article{14-computer-j,
  author =       {A. Prati and F.Z. Qureshi},
  title =        {Integrating Consumer Smart Cameras into Camera Networks: Opportunities and Obstacles},
  journal =      {IEEE Computer (Special Issue on "Smart Camera Networks"},
  year =         {2014},
  pages =     {45--51},
  month =     {May},
volume = {47},
number = {5},
doi={10.1109/MC.2014.125}, 
ISSN={0018-9162},
url = {http://ieeexplore.ieee.org/xpl/articleDetails.jsp?arnumber=6818916}
}


@Article{13-jetcas-j,
  author =       {W. Starzyk and F.Z. Qureshi},
  title =        {Software Laboratory for Camera Networks Research},
  journal =      {IEEE Journal on Emerging and Selected Topics in Circuits and Systems (Special Issue on "Computational and Smart Cameras"},
  year =         {2013},
  volume =    {3},
  number =    {2},
  pages =     {284--293},
  month =     {June}
}


@Article{08-pieee-j,
  author =       {F.Z. Qureshi and Demetri Terzopoulos},
  title =        {Smart Camera Networks in Virtual Reality},
  journal =      {Proceedings of the IEEE (Special Issue on "Smart Cameras"},
  year =         {2008},
  volume =    {96},
  number =    {10},
  pages =     {1640--1656},
  month =     {October}
}


@Article{08-mva-j,
  author =       {F.Z. Qureshi and D. Terzopoulos},
  title =        {Intelligent Perception and Control for Space Robotics: Autonomous Satellite Rendezvous and Docking},
  journal =      {Journal of Machine Vision Applications},
  year =         {2008},
  volume =    {19},
  number =    {3},
  pages =     {141--161},
  month =     {February}
}


@Article{06-mms-j,
  author =       {F.Z. Qureshi and D. Terzopoulos},
  title =        {Surveillance Camera Scheduling: A Virtual Vision Approach},
  journal =      {ACM Multimedia Systems Journal},
  year =         {2006},
  volume =    {12},
  number =    {3},
  pages =     {269--283},
  month =     {December}
}

