@MastersThesis{2015-ryan-msc,
  author = {R. Shanks},
  title = {Towards Parallax-Based Unencumbered Displays},
  school = {Faculty of Science, University of Ontario Institute of Technology},
  address = {Oshawa, ON, Canada},
  year = {2015},
  month = {December}
}


@MastersThesis{2014-ernesto-msc,
  author =       {E. Reina},
  title =        {An Index Structure for Fast Range Search in Hamming Space},
  school =       {Faculty of Science, University of Ontario Institute of Technology},
  address = {Oshawa, ON, Canada},
  year =         {2014},
  month =     {November}
}


@MastersThesis{2014-stadler-msc,
  author =       {J. Stadler},
  title =        {A Framework for Video Driven Crowd Synthesis},
  school =       {Faculty of Science, University of Ontario Institute of Technology},
  address = {Oshawa, ON, Canada},
  year =         {2014},
  month =     {October}
}



@MastersThesis{2014-starzyk-msc,
  author =       {W. Starzyk},
  title =        {A Negotiation Protocol with Conditional Offers for Camera Handoffs},
  school =       {Faculty of Science, University of Ontario Institute of Technology},
  address = {Oshawa, ON, Canada},
  year =         {2014},
  month =     {October}
}

@MastersThesis{2013-parvin-msc,
  author =       {N. Parvin},
  title =        {Robust Curved Road Boundary Detection Using Hierarchical Clustering},
  school =       {Faculty of Science, University of Ontario Institute of Technology},
  address = {Oshawa, ON, Canada},
  year =         {2013},
  month =     {October}
}


@MastersThesis{2013-wang-msc,
  author =       {Z. Wang},
  title =        {Topic Models for Image Localization},
  school =       {Faculty of Science, University of Ontario Institute of Technology},
  address = {Oshawa, ON, Canada},
  year =         {2013},
  month =     {August}
}


@MastersThesis{2012-murray-mcs,
  author =       {R. Murray},
  title =        {Computational and Laboratory Investigations of a Model of Blood Droplet Flight for Forensic Applications},
  school =       {Faculty of Science, University of Ontario Institute of Technology},
  address = {Oshawa, ON, Canada},
  year =         {2012},
  month =     {August}
}

@MastersThesis{2011-little-msc,
  author =       {C. Little},
  title =        {Ray Tracing Large Distributed Datasets using Ray Caches},
  school =       {Faculty of Science, University of Ontario Institute of Technology},
  address = {Oshawa, ON, Canada},
  year =         {2011},
  month =     {December}
}

@MastersThesis{2011-lobo-mcs,
  author =       {G. Lobo},
  title =        {Investigations into Smoothed Particle Hydrodynamics for Non-Newtonian Droplet Modeling},
  school =       {Faculty of Science, University of Ontario Institute of Technology},
  address = {Oshawa, ON, Canada},
  year =         {2011},
  month =     {August}
}


