@Misc{taylor-14,
  author =    {W. Taylor},
  title =     {Vision-Based High-Performance Vehicle Analytics},
  howpublished = {Undergraduate Honors Thesis, Faculty of Science, University of Ontario Institute of Technology, Oshawa, Canada},
  month =     {April},
  year =      {2015}
}


@Misc{nemirovsky-14,
  author =    {D. Nemirovsky},
  title =     {Object Detection and Annotation in Videos for Location Recall},
  howpublished = {Undergraduate Honors Thesis, Faculty of Science, University of Ontario Institute of Technology, Oshawa, Canada},
  month =     {April},
  year =      {2014}
}

@Misc{marshall-14,
  author =    {C. Marshall},
  title =     {Privacy Protected Video Surveillance},
  howpublished = {Undergraduate Honors Thesis, Faculty of Science, University of Ontario Institute of Technology, Oshawa, Canada},
  month =     {April},
  year =      {2014}
}

@Misc{goebel-14,
  author =    {P. Goebel},
  title =     {Fast Image Matching using ORB and Multi-Index Hashing},
  howpublished = {Undergraduate Honors Thesis, Faculty of Science, University of Ontario Institute of Technology, Oshawa, Canada},
  month =     {April},
  year =      {2014}
}

@Misc{gloin-13,
  author =    {S. Gloin},
  title =     {Blood Droplet Analysis Using Image Processing and Ellipse Fitting Techniques},
  howpublished = {Undergraduate Honors Thesis, Faculty of Science, University of Ontario Institute of Technology, Oshawa, Canada},
  month =     {April},
  year =      {2013}
}

@Misc{stadler-12,
  author =    {J. Stadler},
  title =     {Interactive Online Image Stitching for Panoramic Image Generation},
  howpublished = {Undergraduate Honors Thesis, Faculty of Science, University of Ontario Institute of Technology, Oshawa, Canada},
  month =     {April},
  year =      {2012}
}

@Misc{cheung-12,
  author =    {T. Cheung},
  title =     {Dynamic Crowd Simulation},
  howpublished = {Undergraduate Honors Thesis, Faculty of Science, University of Ontario Institute of Technology, Oshawa, Canada},
  month =     {April},
  year =      {2012}
}

@Misc{elliot-12,
  author =    {J. Elliot},
  title =     {Regression of Graph Images using Piecewise Interpolation},
  howpublished = {Undergraduate Honors Thesis, Faculty of Science, University of Ontario Institute of Technology, Oshawa, Canada},
  month =     {April},
  year =      {2012}
}

@Misc{starzyk-11,
  author =    {W. Starzyk},
  title =     {Virtual Vision Simulator for Smart Camera Network Research},
  howpublished = {Undergraduate Honors Thesis, Faculty of Science, University of Ontario Institute of Technology, Oshawa, Canada},
  month =     {April},
  year =      {2011}
}

@Misc{tanvir-10,
  author =    {M.T. Kaykobad},
  title =     {A Study on Simulating Formation and Movement of a Group of Agents},
  howpublished = {Undergraduate Honors Thesis, Faculty of Science, University of Ontario Institute of Technology, Oshawa, Canada},
  month =     {April},
  year =      {2010}
}

@Misc{wijtowych-10,
  author =    {A. Wijtowych},
  title =     {A Sliding Model for Estimating Traffic Density},
  howpublished = {Undergraduate Honors Thesis, Faculty of Science, University of Ontario Institute of Technology, Oshawa, Canada},
  month =     {April},
  year =      {2010}
}

@Misc{chicoine-10,
  author =    {B. Chicoine},
  title =     {An Online System for Visualizing UOIT Class Schedules,},
  howpublished = {Undergraduate Honors Thesis, Faculty of Science, University of Ontario Institute of Technology, Oshawa, Canada},
  month =     {April},
  year =      {2010}
}


