@PhdThesis{phd-thesis,
  author =       {F.Z. Qureshi},
  title =        {Intelligent Perception in Virtual Sensor Networks and Space Robotics},
  school =       {Department of Computer Science, University of Toronto},
  year =         {2007},
  month =     {January}
}

@MastersThesis{msc-thesis,
  author =       {F.Z. Qureshi},
  title =        {"Constructing Anatomically Accurate Face Models using Computed Tomography and Cyberware Data},
  school =       {Department of Computer Science, University of Toronto},
  year =         {2000},
  month =     {January}
}

